<?xml version="1.0" encoding="UTF-8" ?>
<collection xmlns:xsi="http://www.w3.org/2001/XMLSchema-instance"
    xsi:schemaLocation="http://www.loc.gov/MARC21/slim
        http://www.loc.gov/standards/marcxml/schema/MARC21slim.xsd"
    xmlns="http://www.loc.gov/MARC21/slim">
<record>
  <leader>00257cam a2200493 i 4500</leader>
  <controlfield tag="001">b12357807</controlfield>
  <controlfield tag="003">LeBAU</controlfield>
  <controlfield tag="005">20170825</controlfield>
  <controlfield tag="008">970220s1953    le            ||0 0 ara d</controlfield>
  <datafield tag="035" ind1=" " ind2=" ">
    <subfield code="a">ocn784249432</subfield>
  </datafield>
  <datafield tag="040" ind1=" " ind2=" ">
    <subfield code="a">LEAUB</subfield>
    <subfield code="b">ara</subfield>
    <subfield code="e">rda</subfield>
    <subfield code="c">LEAUB</subfield>
    <subfield code="d">LEAUB</subfield>
  </datafield>
  <datafield tag="082" ind1="0" ind2="4">
    <subfield code="a">181.07</subfield>
    <subfield code="2">22</subfield>
  </datafield>
  <datafield tag="100" ind1="1" ind2=" ">
    <subfield code="6">880-01</subfield>
    <subfield code="a">Farrūkh, ʻUmar,</subfield>
    <subfield code="d">1906-1987,</subfield>
    <subfield code="e">author.</subfield>
  </datafield>
  <datafield tag="245" ind1="1" ind2="0">
    <subfield code="6">880-02</subfield>
    <subfield code="a">Ikhwān al-Ṣafā :</subfield>
    <subfield code="b">dars, ʻarḍ, taḥlīl /</subfield>
    <subfield code="c">taʼlīf ʻUmar Farrūkh, duktūr fī al-falsafah, ‘uḍw al-Majma‘ al-‘Ilmī al-‘Arabī fī Dimashq, ‘uḍw Jam‘īyat al-Buḥūth al-Islāmīyah fī Būmbāy.</subfield>
  </datafield>
  <datafield tag="246" ind1="1" ind2=" ">
    <subfield code="6">880-03</subfield>
    <subfield code="i">Title on page [4] of cover:</subfield>
    <subfield code="a">Ikhwan us-safa (Brethern of purity) :</subfield>
    <subfield code="b">an analytical and critical study of the epistles of the Ikhwan us-safa</subfield>
  </datafield>
  <datafield tag="250" ind1=" " ind2=" ">
    <subfield code="6">880-04</subfield>
    <subfield code="a">al-Ṭab‘ah al-thānīyah.</subfield>
  </datafield>
  <datafield tag="264" ind1=" " ind2="1">
    <subfield code="6">880-05</subfield>
    <subfield code="a">Bayrūt :</subfield>
    <subfield code="b">Maktabat Munayminah,</subfield>
    <subfield code="c">1372 H. = 1953 M.</subfield>
  </datafield>
  <datafield tag="300" ind1=" " ind2=" ">
    <subfield code="6">880-06</subfield>
    <subfield code="a">165 pages ;</subfield>
    <subfield code="c">21 cm.</subfield>
  </datafield>
  <datafield tag="336" ind1=" " ind2=" ">
    <subfield code="a">text</subfield>
    <subfield code="b">txt</subfield>
    <subfield code="2">rdacontent</subfield>
  </datafield>
  <datafield tag="337" ind1=" " ind2=" ">
    <subfield code="a">unmediated</subfield>
    <subfield code="b">n</subfield>
    <subfield code="2">rdamedia</subfield>
  </datafield>
  <datafield tag="338" ind1=" " ind2=" ">
    <subfield code="a">volume</subfield>
    <subfield code="b">nc</subfield>
    <subfield code="2">rdacarrier</subfield>
  </datafield>
  <datafield tag="490" ind1="1" ind2=" ">
    <subfield code="6">880-07</subfield>
    <subfield code="a">Dirāsāt qaṣīrah fī al-adab wa-al-tārīkh wa-al-falsafah ;</subfield>
    <subfield code="v">15</subfield>
  </datafield>
  <datafield tag="500" ind1=" " ind2=" ">
    <subfield code="a">"الطبعة الأولى 1364 هـ. = 1935 م."--خلف صفحة العنوان.</subfield>
  </datafield>
  <datafield tag="504" ind1=" " ind2=" ">
    <subfield code="a">يتضمن مراجع ببليوغرافية (صفحة 11)</subfield>
  </datafield>
  <datafield tag="610" ind1="2" ind2="4">
    <subfield code="a">اخوان الصفاء.</subfield>
  </datafield>
  <datafield tag="610" ind1="2" ind2="0">
    <subfield code="a">Ikhwān al-Ṣafāʼ.</subfield>
  </datafield>
  <datafield tag="650" ind1=" " ind2="4">
    <subfield code="a">الفلسفة الاسلامية.</subfield>
  </datafield>
  <datafield tag="650" ind1=" " ind2="0">
    <subfield code="a">Islamic philosophy.</subfield>
  </datafield>
  <datafield tag="775" ind1="0" ind2=" ">
    <subfield code="6">880-08</subfield>
    <subfield code="t">Ikhwān al-Ṣafā : dars, ʻarḍ, taḥlīl.</subfield>
    <subfield code="b">al-Ṭab‘ah al-thālithah</subfield>
    <subfield code="d">Bayrūt : Dār al-Kitāb al-‘Arabī, 1981</subfield>
    <subfield code="w">(OCoLC)784554657</subfield>
    <subfield code="w">(OCoLC)784554657</subfield>
  </datafield>
  <datafield tag="830" ind1=" " ind2="0">
    <subfield code="6">880-09</subfield>
    <subfield code="a">Dirāsāt qaṣīrah fī al-adab wa-al-tārīkh wa-al-falsafah ;</subfield>
    <subfield code="v">15.</subfield>
  </datafield>
  <datafield tag="852" ind1=" " ind2=" ">
    <subfield code="a">Jafet Library</subfield>
    <subfield code="e">American University of Beirut, Bliss Street , Beirut, Lebanon.</subfield>
  </datafield>
  <datafield tag="880" ind1="1" ind2=" ">
    <subfield code="6">100-01/(3/r</subfield>
    <subfield code="a">فروخ، عمر،</subfield>
    <subfield code="d">1906-1987،</subfield>
    <subfield code="e">مؤلف. </subfield>
    <subfield code="4">aut.</subfield>
  </datafield>
  <datafield tag="880" ind1="1" ind2="0">
    <subfield code="6">245-02/(3/r</subfield>
    <subfield code="a">إخوان الصفا :</subfield>
    <subfield code="b">درس، عرض، تحليل /</subfield>
    <subfield code="c">تأليف عمر فروخ، دكتور في الفلسفة، عضو المجمع العلمي العربي في دمشق، عضو جمعية البحوث الإسلامية في بومباي.</subfield>
  </datafield>
  <datafield tag="880" ind1="1" ind2=" ">
    <subfield code="6">246-03/(3/r</subfield>
    <subfield code="i">العنوان على صفحة [4] من الغلاف:</subfield>
    <subfield code="a">Ikhwan us-safa (Brethern of purity) :</subfield>
    <subfield code="b">an analytical and critical study of the epistles of the Ikhwan us-safa</subfield>
  </datafield>
  <datafield tag="880" ind1=" " ind2=" ">
    <subfield code="6">250-04/(3/r</subfield>
    <subfield code="a">الطبعة الثانية.</subfield>
  </datafield>
  <datafield tag="880" ind1=" " ind2="1">
    <subfield code="6">264-05/(3/r</subfield>
    <subfield code="a">بيروت :</subfield>
    <subfield code="b">مكتبة منيمنة،</subfield>
    <subfield code="c">1372 هـ. = 1953 م.</subfield>
  </datafield>
  <datafield tag="880" ind1=" " ind2=" ">
    <subfield code="6">300-06/(3/r</subfield>
    <subfield code="a">165 صفحة ؛</subfield>
    <subfield code="c">21 سم.</subfield>
  </datafield>
  <datafield tag="880" ind1="1" ind2=" ">
    <subfield code="6">490-07/(3/r</subfield>
    <subfield code="a">دراسات قصيرة في الأدب والتاريخ والفلسفة ؛</subfield>
    <subfield code="v">15</subfield>
  </datafield>
  <datafield tag="880" ind1="0" ind2=" ">
    <subfield code="6">775-08/(3/r</subfield>
    <subfield code="t">إخوان الصفا : درس، عرض، تحليل.</subfield>
    <subfield code="b">الطبعة الثالثة</subfield>
    <subfield code="d">بيروت : دار الكتاب العربي، 1981</subfield>
    <subfield code="w">b13465053</subfield>
    <subfield code="w">(OCoLC)784554657</subfield>
  </datafield>
  <datafield tag="880" ind1=" " ind2="0">
    <subfield code="6">830-09/(3/r</subfield>
    <subfield code="a">دراسات قصيرة في الأدب والتاريخ والفلسفة ؛</subfield>
    <subfield code="v">15.</subfield>
  </datafield>
  <datafield tag="907" ind1=" " ind2=" ">
    <subfield code="a">.b12357807</subfield>
    <subfield code="b">17-09-05</subfield>
    <subfield code="c">11-05-24</subfield>
  </datafield>
  <datafield tag="907" ind1=" " ind2=" ">
    <subfield code="a">.b12357807</subfield>
    <subfield code="b">15-10-15</subfield>
    <subfield code="c">11-05-24</subfield>
  </datafield>
  <datafield tag="945" ind1=" " ind2=" ">
    <subfield code="f">J</subfield>
    <subfield code="a">181.07:I265Yf2A:c.1</subfield>
    <subfield code="i">01007291</subfield>
    <subfield code="j">.i12804629</subfield>
    <subfield code="l">u0503</subfield>
  </datafield>
  <datafield tag="998" ind1=" " ind2=" ">
    <subfield code="a">u05</subfield>
    <subfield code="b">97-02-20</subfield>
    <subfield code="c">m</subfield>
    <subfield code="d">a</subfield>
    <subfield code="e">-</subfield>
    <subfield code="f">ara</subfield>
    <subfield code="g">le </subfield>
    <subfield code="h">0</subfield>
    <subfield code="i">1</subfield>
  </datafield>
</record>
</collection>
